<?xml version="1.0" encoding="UTF-8"?><collection xmlns="http://www.loc.gov/MARC21/slim"><record><leader>00432nam--2200181-u-4500</leader><controlfield tag="001">000055838</controlfield><controlfield tag="002">20161230</controlfield><controlfield tag="005">20161230201052</controlfield><controlfield tag="008">130808s1000------------r-----000-0-rus-d</controlfield><datafield ind1=" " ind2=" " tag="040"><subfield code="a">IFIN-HH</subfield></datafield><datafield ind1=" " ind2=" " tag="041"><subfield code="a">rus</subfield></datafield><datafield ind1=" " ind2=" " tag="080"><subfield code="a">519.816</subfield></datafield><datafield ind1="1" ind2=" " tag="100"><subfield code="a">Vilkas, E.I</subfield></datafield><datafield ind1="1" ind2="0" tag="245"><subfield code="a">Optimalnosti v igrah i reseniah</subfield><subfield code="c">E.i. vilkas</subfield></datafield><datafield ind1=" " ind2=" " tag="260"><subfield code="a">Moskva</subfield><subfield code="b">Nauka</subfield><subfield code="c">1990</subfield></datafield><datafield ind1=" " ind2=" " tag="300"><subfield code="a">253P</subfield></datafield><datafield ind1=" " ind2=" " tag="852"><subfield code="a">79358</subfield><subfield code="c">519.283</subfield></datafield><datafield ind1=" " ind2=" " tag="CAT"><subfield code="a">Sys</subfield><subfield code="c">20130808</subfield><subfield code="h">133740</subfield></datafield></record></collection>